@book{shapiro_2000_computer,
  author = {Shapiro, Linda G and Stockman, George C},
  pages = {305-351},
  publisher = {Upper Saddle River Prentice Hall},
  title = {Computer vision: Image Segmentation},
  url = {http://nana.lecturer.pens.ac.id/index_files/referensi/computer_vision/Computer%20Vision.pdf},
  year = {2000}
}

@misc{keymakr_2021_instance,
  author = {Keymakr},
  month = {05},
  title = {Instance vs. Semantic Segmentation: What Are the Key Differences?},
  url = {https://keymakr.com/blog/instance-vs-semantic-segmentation/},
  year = {2021},
  organization = {Keymakr's Blog features the latest news and updates}
}

@misc{long_2015_fully,
  author = {Long, Jonathan and Shelhamer, Evan and Darrell, Trevor},
  title = {Fully Convolutional Networks for Semantic Segmentation},
  url = {https://arxiv.org/pdf/1411.4038.pdf},
  year = {2015}
}

@misc{ronneberger_2015_unet,
  author = {Ronneberger, Olaf and Fischer, Philipp and Brox, Thomas},
  month = {05},
  title = {U-Net: Convolutional Networks for Biomedical Image Segmentation},
  url = {https://arxiv.org/abs/1505.04597},
  year = {2015},
  organization = {arXiv.org}
}

@misc{vadapalli_2021_image,
  author = {Vadapalli, Pavan},
  month = {02},
  title = {Image Segmentation Techniques [Step By Step Implementation]},
  url = {https://www.upgrad.com/blog/image-segmentation-techniques/},
  year = {2021},
  organization = {upGrad blog}
}

@misc{kirillov_2019_panoptic,
  author = {Kirillov, Alexander and He, Kaiming and Girshick, Ross and Rother, Carsten and Dollár, Piotr},
  month = {04},
  title = {Panoptic Segmentation},
  url = {https://arxiv.org/pdf/1801.00868.pdf},
  year = {2019}
}

@misc{appleinc_2019_advances,
  author = {AppleInc.},
  month = {06},
  title = {Advances in Camera Capture \& Photo Segmentation - WWDC19 - Videos},
  url = {https://developer.apple.com/videos/play/wwdc2019/225?time=2714},
  urldate = {2022-05-07},
  year = {2019},
  organization = {Apple Developer}
}

@misc{prasad_2020_what,
  author = {Prasad, Sunit},
  month = {05},
  title = {What is Image Segmentation or Segmentation in Image Processing?},
  url = {https://www.analytixlabs.co.in/blog/what-is-image-segmentation/},
  year = {2020},
  organization = {Blogs \& Updates on Data Science, Business Analytics, AI Machine Learning}
}

@article{alamri_2010_image,
  author = {Al-amri, Salem S and Kalyankar, N. V and Khamitkar, S. D},
  month = {05},
  title = {Image Segmentation by Using Thershod Techniques},
  url = {https://arxiv.org/pdf/1005.4020.pdf},
  volume = {2},
  year = {2010},
  journal = {JOURNAL OF COMPUTING}
}

@misc{yuheng_2017_image,
  author = {Yuheng, Song and Hao, Yan},
  month = {07},
  title = {Image Segmentation Algorithms Overview},
  url = {https://arxiv.org/pdf/1707.02051.pdf},
  year = {2017}
}

@misc{sharma_2020_clusterbased,
  author = {Sharma, Mathanraj},
  month = {05},
  title = {Cluster-based Image Segmentation -Python},
  url = {https://towardsdatascience.com/cluster-based-image-segmentation-python-80a295f4f3a2},
  year = {2020},
  organization = {Medium}
}

@article{sharif_2010_artificial,
  author = {Sharif, Mhd Saeed and Abbod, Maysam and Amira, Abbes and Zaidi, Habib},
  pages = {1-11},
  title = {Artificial Neural Network-Based System for PET Volume Segmentation},
  doi = {10.1155/2010/105610},
  urldate = {2020-04-18},
  volume = {2010},
  year = {2010},
  journal = {International Journal of Biomedical Imaging}
}

@article{kaushik_2019_image,
  author = {Kaushik, Ravi and Kumar, Shailender},
  month = {11},
  title = {Image Segmentation Using Convolutional Neural Network},
  url = {http://www.ijstr.org/final-print/nov2019/Image-Segmentation-Using-Convolutional-Neural-Network.pdf},
  volume = {8},
  year = {2019},
  journal = {International Journal of Scientific and Technology Research}
}

@misc{zhang_2019_unet,
  author = {Zhang, Jeremy},
  month = {10},
  title = {UNet Line by Line Explanation},
  url = {https://towardsdatascience.com/unet-line-by-line-explanation-9b191c76baf5},
  year = {2019},
  organization = {Medium}
}

@article{yamashita_2018_convolutional,
  author = {Yamashita, Rikiya and Nishio, Mizuho and Do, Richard Kinh Gian and Togashi, Kaori},
  month = {06},
  pages = {611-629},
  title = {Convolutional neural networks: an overview and application in radiology},
  doi = {10.1007/s13244-018-0639-9},
  volume = {9},
  year = {2018},
  journal = {Insights into Imaging}
}

@misc{ramachandran_2017_searching,
  author = {Ramachandran, Prajit and Zoph, Barret and Le Google Brain, Quoc},
  month = {10},
  title = {SEARCHING FOR ACTIVATION FUNCTIONS},
  url = {https://arxiv.org/pdf/1710.05941.pdf},
  year = {2017}
}

@article{gupta_2018_deep,
  author = {Gupta, Anindya and Harrison, Philip J. and Wieslander, Håkan and Pielawski, Nicolas and Kartasalo, Kimmo and Partel, Gabriele and Solorzano, Leslie and Suveer, Amit and Klemm, Anna H. and Spjuth, Ola and Sintorn, Ida‐Maria and Wählby, Carolina},
  month = {12},
  pages = {366-380},
  title = {Deep Learning in Image Cytometry: A Review},
  doi = {10.1002/cyto.a.23701},
  urldate = {2020-09-03},
  volume = {95},
  year = {2018},
  journal = {Cytometry Part A}
}

@article{duquearias_2021_on,
  author = {Duque-Arias, David and Velasco-Forero, Santiago and Deschaud, Jean-Emmanuel and Goulette, François and Serna, Andres and Decencière, Etienne and Marcotegui, Beatriz},
  title = {On Power Jaccard Losses for Semantic Segmentation},
  doi = {10.5220/0010304005610568},
  url = {https://www.scitepress.org/Papers/2021/103040/103040.pdf},
  volume = {5},
  year = {2021},
  journal = {Proceedings of the 16th International Joint Conference on Computer Vision, Imaging and Computer Graphics Theory and Applications}
}

@misc{battini_2018_adam,
  author = {Battini, Deepak},
  month = {11},
  title = {Adam Optimization algorithms in Deep Learning},
  url = {https://bit.ly/3LAFAsp},
  urldate = {2022-05-15},
  year = {2018},
  organization = {Tech-Quantum}
}


@misc{barla_2022_panoptic,
  author = {Barla, Nilesh},
  month = {05},
  title = {Panoptic Segmentation: Definition, Datasets \& Tutorial [2022]},
  url = {https://www.v7labs.com/blog/panoptic-segmentation-guide},
  urldate = {2022-05-16},
  year = {2022},
  organization = {www.v7labs.com}
}